
@online{noauthor_vast_nodate,
	title = {{VAST} Challenge 2024},
	url = {https://vast-challenge.github.io/2024/},
	urldate = {2024-06-19},
	file = {VAST Challenge 2024:/home/vbettachini/storage/Zotero/storage/H9E5R8UA/2024.html:text/html},
}

@online{noauthor_download_nodate,
	title = {Download the Submission Form and Data},
	url = {https://docs.google.com/forms/d/e/1FAIpQLSdKGo0S-HY0drn_MQywhnAqscfex9ML5EMuk6e1XEGwbyV1XA/viewform?embedded=true&usp=embed_facebook},
	abstract = {Enter your email address in the box below to download the data and submission form for Mini-Challenge 3. This address will be used if the conference organizers need to contact you regarding any corrections to the mini-challenge.},
	titleaddon = {Google Docs},
	urldate = {2024-06-19},
	langid = {spanish},
	file = {Snapshot:/home/vbettachini/storage/Zotero/storage/FEUFJ2L8/viewform.html:text/html},
}

@online{noauthor_networkx_nodate,
	title = {{NetworkX} — {NetworkX} documentation},
	url = {https://networkx.org/},
	urldate = {2024-06-19},
	file = {NetworkX — NetworkX documentation:/home/vbettachini/storage/Zotero/storage/7XY8PXK7/networkx.org.html:text/html},
}
